<record><leader>00000cas a22000007a 4500</leader><controlfield tag="001">12136265</controlfield><controlfield tag="008">850610d19001900pauwr ne      0    0eng d</controlfield><datafield ind1=" " ind2=" " tag="010"><subfield code="a">sn 85054953 </subfield></datafield><datafield ind1=" " ind2=" " tag="040"><subfield code="a">NPH</subfield><subfield code="b">eng</subfield><subfield code="c">NPH</subfield><subfield code="d">OCLCQ</subfield></datafield><datafield ind1=" " ind2=" " tag="042"><subfield code="a">msc</subfield></datafield><datafield ind1="0" ind2=" " tag="130"><subfield code="a">Weekly news (Penfield, Pa.)</subfield></datafield><datafield ind1="1" ind2="4" tag="245"><subfield code="a">The Weekly news.</subfield></datafield><datafield ind1=" " ind2=" " tag="260"><subfield code="a">Penfield, Pa. :</subfield><subfield code="b">C.M. Chambers,</subfield><subfield code="c">1900.</subfield></datafield><datafield ind1=" " ind2=" " tag="300"><subfield code="a">1 v. ;</subfield><subfield code="c">30 cm.</subfield></datafield><datafield ind1=" " ind2=" " tag="310"><subfield code="a">Weekly</subfield></datafield><datafield ind1="0" ind2=" " tag="362"><subfield code="a">Vol. 1, no. 1 (Jan. 5, 1900) - v. 1, no. 8 (Feb. 23, 1900).</subfield></datafield><datafield ind1=" " ind2=" " tag="752"><subfield code="a">United States</subfield><subfield code="b">Pennsylvania</subfield><subfield code="c">Clearfield</subfield><subfield code="d">Penfield.</subfield></datafield><datafield ind1="0" ind2="0" tag="785"><subfield code="t">Penfield weekly news</subfield><subfield code="w">(DLC)sn 85054954</subfield></datafield></record>